@article{PhysRevLett.78.2690,
  title = {Nonequilibrium Equality for Free Energy Differences},
  author = {Jarzynski, C.},
  journal = {Phys. Rev. Lett.},
  volume = {78},
  issue = {14},
  pages = {2690--2693},
  numpages = {0},
  year = {1997},
  month = {Apr},
  publisher = {American Physical Society},
  doi = {10.1103/PhysRevLett.78.2690},
  url = {https://link.aps.org/doi/10.1103/PhysRevLett.78.2690}
}

